@book{bishop,
 author = {Bishop, Christopher M.},
 title = {Pattern Recognition and Machine Learning (Information Science and Statistics)},
 year = {2006},
 isbn = {0387310738},
 publisher = {Springer-Verlag New York, Inc.},
 address = {Secaucus, NJ, USA},
}

@book{murphy,
 author = {Murphy, Kevin P.},
 title = {Machine Learning: A Probabilistic Perspective},
 year = {2012},
 isbn = {0262018020, 9780262018029},
 publisher = {The MIT Press},
} 

@book{statisticalLearning,
  added-at = {2008-05-16T16:17:42.000+0200},
  address = {New York, NY, USA},
  author = {Hastie, Trevor and Tibshirani, Robert and Friedman, Jerome},
  biburl = {https://www.bibsonomy.org/bibtex/2f58afc5c9793fcc8ad8389824e57984c/sb3000},
  interhash = {d585aea274f2b9b228fc1629bc273644},
  intrahash = {f58afc5c9793fcc8ad8389824e57984c},
  keywords = {ml statistics},
  publisher = {Springer New York Inc.},
  series = {Springer Series in Statistics},
  timestamp = {2008-05-16T16:17:43.000+0200},
  title = {The Elements of Statistical Learning},
  year = 2001
}

@incollection{krizhevsky,
    title = {ImageNet Classification with Deep Convolutional Neural Networks},
    author = {Alex Krizhevsky and Sutskever, Ilya and Hinton, Geoffrey E},
    booktitle = {Advances in Neural Information Processing Systems 25},
    editor = {F. Pereira and C. J. C. Burges and L. Bottou and K. Q. Weinberger},
    pages = {1097--1105},
    year = {2012},
    publisher = {Curran Associates, Inc.},
    url = {http://papers.nips.cc/paper/4824-imagenet-classification-with-deep-convolutional-neural-networks.pdf}
}

@INPROCEEDINGS{ciregan,
    author={D. Ciregan and U. Meier and J. Schmidhuber},
    booktitle={2012 IEEE Conference on Computer Vision and Pattern Recognition},
    title={Multi-column deep neural networks for image classification},
    year={2012},
    pages={3642-3649},
    keywords={graphics processing units;handwritten character recognition;image classification;image recognition;learning (artificial intelligence);neural nets;MNIST handwriting benchmark;artificial neural network architectures;computer vision;convolutional winner-take-all neurons;fast training;graphics cards;handwritten digits recognition;human performance;image classification;machine learning;multicolumn deep neural networks;retina;sparsely connected neural layers;traffic sign recognition benchmark;traffic signs;visual cortex;Benchmark testing;Computer architecture;Error analysis;Graphics processing unit;Neurons;Training},
    doi={10.1109/CVPR.2012.6248110},
    ISSN={1063-6919},
    month={June},
}

@book{ni,
  author = {Младен Николић, Анђелка Зечевић},
  keywords = {ml numerical},
  title = {Научно израчунавање},
  year = 2017
}


@ARTICLE{covnetBirth,
author={Y. LeCun and B. Boser and J. S. Denker and D. Henderson and R. E. Howard and W. Hubbard and L. D. Jackel},
journal={Neural Computation},
title={Backpropagation Applied to Handwritten Zip Code Recognition},
year={1989},
volume={1},
number={4},
pages={541-551},
doi={10.1162/neco.1989.1.4.541},
ISSN={0899-7667},
month={Dec},}

@article{DBLP:journals/corr/SimonyanZ14a,
  author    = {Karen Simonyan and
               Andrew Zisserman},
  title     = {Very Deep Convolutional Networks for Large-Scale Image Recognition},
  journal   = {CoRR},
  volume    = {abs/1409.1556},
  year      = {2014},
  url       = {http://arxiv.org/abs/1409.1556},
  timestamp = {Wed, 07 Jun 2017 14:41:51 +0200},
  biburl    = {http://dblp.uni-trier.de/rec/bib/journals/corr/SimonyanZ14a},
  bibsource = {dblp computer science bibliography, http://dblp.org}
}

@article{DBLP:journals/corr/ErhanSTA13,
  author    = {Dumitru Erhan and
               Christian Szegedy and
               Alexander Toshev and
               Dragomir Anguelov},
  title     = {Scalable Object Detection using Deep Neural Networks},
  journal   = {CoRR},
  volume    = {abs/1312.2249},
  year      = {2013},
  url       = {http://arxiv.org/abs/1312.2249},
  timestamp = {Wed, 07 Jun 2017 14:42:02 +0200},
  biburl    = {http://dblp.uni-trier.de/rec/bib/journals/corr/ErhanSTA13},
  bibsource = {dblp computer science bibliography, http://dblp.org}
}

@ARTICLE{cnnForText,
   author = {{Zhang}, X. and {Zhao}, J. and {LeCun}, Y.},
    title = "{Character-level Convolutional Networks for Text Classification}",
  journal = {ArXiv e-prints},
archivePrefix = "arXiv",
   eprint = {1509.01626},
 primaryClass = "cs.LG",
 keywords = {Computer Science - Learning, Computer Science - Computation and Language},
     year = 2015,
    month = sep,
   adsurl = {http://adsabs.harvard.edu/abs/2015arXiv150901626Z},
  adsnote = {Provided by the SAO/NASA Astrophysics Data System}
}

@ARTICLE{cnnForAutism,
   author = {{Mohammadian Rad}, N. and {Bizzego}, A. and {Kia}, S.~M. and
    {Jurman}, G. and {Venuti}, P. and {Furlanello}, C.},
    title = "{Convolutional Neural Network for Stereotypical Motor Movement Detection in Autism}",
  journal = {ArXiv e-prints},
archivePrefix = "arXiv",
   eprint = {1511.01865},
 keywords = {Computer Science - Neural and Evolutionary Computing, Computer Science - Computer Vision and Pattern Recognition, Computer Science - Learning, Statistics - Machine Learning},
     year = 2015,
    month = nov,
   adsurl = {http://adsabs.harvard.edu/abs/2015arXiv151101865M},
  adsnote = {Provided by the SAO/NASA Astrophysics Data System}
}

@ARTICLE{perceptronOriginal,
    author = {F. Rosenblatt},
    title = {The Perceptron: A Probabilistic Model for Information Storage and Organization in The Brain},
    journal = {Psychological Review},
    year = {1958},
    pages = {65--386}
}

@ARTICLE{visualizeCovnet,
    author = {{Zeiler}, M.~D and {Fergus}, R.},
    title = "{Visualizing and Understanding Convolutional Networks}",
    journal = {ArXiv e-prints},
    archivePrefix = "arXiv",
    eprint = {1311.2901},
    primaryClass = "cs.CV",
    keywords = {Computer Science - Computer Vision and Pattern Recognition},
    year = 2013,
    month = nov,
    adsurl = {http://adsabs.harvard.edu/abs/2013arXiv1311.2901Z},
    adsnote = {Provided by the SAO/NASA Astrophysics Data System}
}

@ARTICLE{visualizeCovnet1,
   author = {{Nguyen}, A. and {Yosinski}, J. and {Clune}, J.},
    title = "{Deep Neural Networks are Easily Fooled: High Confidence Predictions for Unrecognizable Images}",
  journal = {ArXiv e-prints},
archivePrefix = "arXiv",
   eprint = {1412.1897},
 primaryClass = "cs.CV",
 keywords = {Computer Science - Computer Vision and Pattern Recognition, Computer Science - Artificial Intelligence, Computer Science - Neural and Evolutionary Computing},
     year = 2014,
    month = dec,
   adsurl = {http://adsabs.harvard.edu/abs/2014arXiv1412.1897N},
  adsnote = {Provided by the SAO/NASA Astrophysics Data System}
}

@ARTICLE{visualizeCovnet2,
   author = {{Mahendran}, A. and {Vedaldi}, A.},
    title = "{Understanding Deep Image Representations by Inverting Them}",
  journal = {ArXiv e-prints},
archivePrefix = "arXiv",
   eprint = {1412.0035},
 primaryClass = "cs.CV",
 keywords = {Computer Science - Computer Vision and Pattern Recognition},
     year = 2014,
    month = nov,
   adsurl = {http://adsabs.harvard.edu/abs/2014arXiv1412.0035M},
  adsnote = {Provided by the SAO/NASA Astrophysics Data System}
}

@ARTICLE{visualizeCovnet3,
   author = {{Dosovitskiy}, A. and {Brox}, T.},
    title = "{Inverting Visual Representations with Convolutional Networks}",
  journal = {ArXiv e-prints},
archivePrefix = "arXiv",
   eprint = {1506.02753},
 keywords = {Computer Science - Neural and Evolutionary Computing, Computer Science - Computer Vision and Pattern Recognition, Computer Science - Learning},
     year = 2015,
    month = jun,
   adsurl = {http://adsabs.harvard.edu/abs/2015arXiv150602753D},
  adsnote = {Provided by the SAO/NASA Astrophysics Data System}
}

@ARTICLE{visualizeCovnet4,
   author = {{Simonyan}, K. and {Vedaldi}, A. and {Zisserman}, A.},
    title = "{Deep Inside Convolutional Networks: Visualising Image Classification Models and Saliency Maps}",
  journal = {ArXiv e-prints},
archivePrefix = "arXiv",
   eprint = {1312.6034},
 primaryClass = "cs.CV",
 keywords = {Computer Science - Computer Vision and Pattern Recognition},
     year = 2013,
    month = dec,
   adsurl = {http://adsabs.harvard.edu/abs/2013arXiv1312.6034S},
  adsnote = {Provided by the SAO/NASA Astrophysics Data System}
}

